<?xml version="1.0" encoding="UTF-8"?><collection xmlns="http://www.loc.gov/MARC21/slim"><record><leader>00424nam--2200145-i-4500</leader><controlfield tag="001">000001732</controlfield><controlfield tag="002">20161230</controlfield><controlfield tag="005">20161230201024</controlfield><controlfield tag="008">060222s1000------------r-----000-0-eng-d</controlfield><datafield ind1=" " ind2=" " tag="080"><subfield code="a">001.891</subfield></datafield><datafield ind1=" " ind2=" " tag="100"><subfield code="a">Freeman, Christopher</subfield></datafield><datafield ind1=" " ind2=" " tag="245"><subfield code="a">Mesure de l output de la recherche et du development experimental. rapport-inventaire</subfield></datafield><datafield ind1=" " ind2=" " tag="260"><subfield code="a">Paris, Unesco, 1970. 45 P</subfield></datafield><datafield ind1=" " ind2=" " tag="490"><subfield code="a">Rapports Et Etudes Statistiques</subfield></datafield><datafield ind1=" " ind2=" " tag="852"><subfield code="a">34324</subfield></datafield></record></collection>